<?xml version="1.0" encoding="UTF-8"?><collection xmlns="http://www.loc.gov/MARC21/slim"><record><leader>00471nam--2200121-i-4500</leader><controlfield tag="001">000002970</controlfield><controlfield tag="002">20161230</controlfield><controlfield tag="005">20161230201025</controlfield><controlfield tag="008">060222s1000------------r-----000-0-eng-d</controlfield><datafield ind1=" " ind2=" " tag="100"><subfield code="a">Duval, Clelment</subfield></datafield><datafield ind1=" " ind2=" " tag="245"><subfield code="a">Colorimetrie minerale. inorganic colorimetry anorganische kolorometrie. bibliographie selectionnee des reactions depuis l origine jusqu a 1951. preface du prof.c.j.van nieuwenburg</subfield></datafield><datafield ind1=" " ind2=" " tag="260"><subfield code="a">Paris, S.E.D.E.S., /1954</subfield></datafield><datafield ind1=" " ind2=" " tag="490"><subfield code="a">Monographies De L Union De Chimie ..</subfield></datafield></record></collection>